@article{deleuze-guattari,
  title   = {Anti-Oedipe (Paris: Les {\'E}ditions de Minuit, 1972)},
  author  = {Deleuze, Gilles and Guattari, F{\'e}lix},
  journal = {Anti-Oedipus, Capitalism and Schizophrenia},
  year    = {1972}
}


@book{chang201223,
  title     = {23 things they don't tell you about capitalism},
  author    = {Chang, Ha-Joon},
  year      = {2012},
  publisher = {Bloomsbury Publishing USA}
}

@url{bernico,
  author = {Bernico, Matt},
  year   = {2012},
  url    = {https://mattbernico.com/2012/09/24/anti-oedipus-summary/}
}

@url{schizophrenia,
  author = {NHS Choices},
  year   = {2014},
  url    = {http://www.nhs.uk/Conditions/Schizophrenia/Pages/Introduction.aspx}
}

