@url{palme-dor,
  url  = {http://variety.com/2013/film/news/cannes-blue-is-the-warmest-color-wins-palme-d-or-1200488202/},
  year = {2013}
}

@url{reshoot-scenes,
  author = {Hattenstone, S.},
  url    = {http://www.theguardian.com/film/2013/oct/26/adele-exarchopoulos-blue-warmest-colour},
  year   = {2013}
}

@misc{desire-evolution,
  title     = {The evolution of desire: {H}uman mating strategies},
  author    = {Buss, DM},
  year      = {1994},
  publisher = {New York: Basic Books}
}

@article{stanford-desire,
	author       =	{Schroeder, Tim},
	title        =	{Desire},
	booktitle    =	{The Stanford Encyclopedia of Philosophy},
	editor       =	{Edward N. Zalta},
	url          =  {http://plato.stanford.edu/archives/sum2015/entries/desire/},
	year         =	{2015},
	edition      =	{Summer 2015},
}

@url{contempt-nakedness-addition,
  author = {British Film Institute},
  url    = {http://www.bfi.org.uk/films-tv-people/4ce2b6b049967},
  year   = {2013}
}

@url{author-interview,
  author = {Child, B.},
  url    = {http://www.theguardian.com/film/2013/may/30/blue-warmest-colour-porn-julie-maroh},
  year   = {2013}
}
