@url{imdb-fifth-element,
  url  = {http://www.imdb.com/title/tt0119116/},
  year = {2016}
}

@url{imdb-demonlover,
  url  = {http://www.imdb.com/title/tt0284034/},
  year = {2016}
}

@url{bioprinting,
  url  = {http://www.wakehealth.edu/Research/WFIRM/Our-Story/Inside-the-Lab/Bioprinting.htm},
  year = {2016}
}

@url{earth-formation,
  url  = {http://www.space.com/19175-how-was-earth-formed.html},
  year = {2013}
}
@book{digital-escapism,
  title     = {This virtual life: {E}scapism and simulation in our media world},
  author    = {Evans, Andrew},
  year      = {2001},
  publisher = {Fusion Press}
}

@article{african-erosion,
  title     = {The {A}frican erosion surface: a continental-scale synthesis of
               geomorphology, tectonics, and environmental change over the past               180 million years},
  author    = {Burke, Kevin and Gunnell, Yanni},
  journal   = {Geological Society of America Memoirs},
  volume    = {201},
  pages     = {1--66},
  year      = {2008},
  publisher = {Geological Society of America}
}

@article{schneier2005two,
  title   = {Two-factor authentication: too little, too late.},
  author  = {Schneier, Bruce},
  journal = {Commun. ACM},
  volume  = {48},
  number  = {4},
  pages   = {136},
  year    = {2005}
}

@book{japanese-society,
  title     = {An introduction to Japanese society},
  author    = {Sugimoto, Yoshio},
  year      = {2014},
  publisher = {Cambridge University Press}
}

@url{bbc-minitel-retire,
  author = {Schofield, Hugh},
  url    = {http://www.bbc.co.uk/news/magazine-18610692},
  year   = {2012}
}

@url{oecd-skills,
  author = {Organisation for Economic Co-operation and Development},
  url    = {http://skills.oecd.org/OECD_Skills_Outlook_2013.pdf},
  year   = {2013}
}

@url{guardian-scifi,
  author = {Gareth McLean},
  url    = {http://www.theguardian.com/media/2007/jun/27/broadcasting.comment},
  year   = {2007}
}
