@article{happiness-education,
  journal={Social Indicators Research},
  volume={87},
  number={3},
  doi={10.1007/s11205-007-9144-0},
  title={Education, {H}appiness and {W}ellbeing},
  url={http://dx.doi.org/10.1007/s11205-007-9144-0},
  publisher={Springer Netherlands},
  author={Michalos, Alex C.},
  pages={347-366},
  year={2007},
 }
 @InCollection{montaigne-seop,
  author       =  {Foglia, Marc},
  title        =  {Michel de {M}ontaigne},
  booktitle    =  {The Stanford Encyclopedia of Philosophy},
  howpublished =  {\url{http://plato.stanford.edu/archives/spr2014/entries/montaigne/}},
  year         =  {2014},
}

@article{recent-relevance,
  title={Influence of {T}en {L}eading {E}ducators on {A}merican {E}ducation},
  author={Ediger, Marlow},
  journal={Education},
  volume={118},
  number={2},
  pages={267},
  year={1997},
}

@article{baikie2005emotional,
  title={Emotional and {P}hysical {H}ealth {B}enefits of {E}xpressive {W}riting},
  author={Baikie, Karen A and Wilhelm, Kay},
  journal={Advances in Psychiatric Treatment},
  volume={11},
  number={5},
  pages={338--346},
  year={2005},
  publisher={RCP}
}

@book{friedrich1991montaigne,
  title={Montaigne},
  author={Friedrich, Hugo and Desan, Philippe},
  year={1991},
  publisher={Univ of California Press}
}

@book{holden2002inquiry,
  title={Inquiry and the {L}iterary {T}ext: {C}onstructing {D}iscussions in the {E}nglish {C}lassroom. {C}lassroom {P}ractices in {T}eaching {E}nglish.},
  author={Holden, James and Schmit, John S},
  year={2002},
  publisher={ERIC}
}

@url{govuk-hse-school,
  title={Health and safety for school children},
  author={GOV.UK},
  url={https://www.gov.uk/health-safety-school-children},
  year={2015}
}

@url{dfe-class-size,
  title={Class size and education in {E}ngland: evidence report},
  author={Department for {E}ducation},
  url={https://www.gov.uk/government/publications/class-size-and-education-in-england-evidence-report},
  year={2011}
}

@article{krassel2014class,
  title={Class-size effects in secondary school},
  author={Krassel, Karl Fritjof and Heinesen, Eskil},
  journal={Education Economics},
  volume={22},
  number={4},
  pages={412--426},
  year={2014},
  publisher={Taylor \& Francis}
}

@url{hk-anecdote-class-size,
  author={Zhao, Shirley},
  url={http://www.scmp.com/news/hong-kong/education-community/article/1864767/small-classes-leads-focused-teachers-leading},
  year={2015}
}

@article{barragan2008bienestar,
  title={Bienestar y educacionna : una investigacion sobre la educacion basada en valores},
  author={Barragan, Paola Cubas},
  year={2008}
}

@url{fiche-bac,
  author={Fiches Bac.},
  year={2015},
  url={http://1erl2-egalois.forumactif.com/t46-fiche-bac-8-10-montaigne-de-l-institution-des-enfants}
}

@article {lying-unhappy,
  author = {Bussey, Kay},
  title = {Lying and {T}ruthfulness: {C}hildren's {D}efinitions, {S}tandards, and {E}valuative {R}eactions},
  journal = {Child Development},
  volume = {63},
  number = {1},
  publisher = {Blackwell Publishing Ltd},
  issn = {1467-8624},
  url = {http://dx.doi.org/10.1111/j.1467-8624.1992.tb03601.x},
  doi = {10.1111/j.1467-8624.1992.tb03601.x},
  pages = {129--137},
  year = {1992},
}

@article{khattak2014morality,
  title={Morality and the {P}arameters of {H}appiness},
  author={Khattak, Nasir Jamal and Ashfaq, Samina},
  journal={PUTAJ Humanities and Social Sciences},
  volume={21},
  number={1},
  year={2014}
}

@article{lying-better,
  title={Lying in everyday life},
  author={DePaulo, Bella M and Kashy, Deborah A and Kirkendol, Susan E and Wyer, Melissa M and Epstein, Jennifer A},
  journal={Journal of personality and social psychology},
  volume={70},
  number={5},
  pages={979},
  year={1996},
  publisher={American Psychological Association}
}
