@book{important-second-language-acquisition,
  author    = "Ellis, R. J.",
  title     = "The Study of Second Language Acquisition",
  year      = "2008",
  publisher = "Oxford University Press"
}

@article{talking-in-utero,
  author  = "DeCasper, Anthony and Spence, Melanie",
  title   = "Prenatal {M}aternal {S}peech {I}nfluences {N}ewborns' {P}erception of {S}peech {S}ounds",
  year    = "1986",
  journal = "Infant Behaviour and Development",
  pages   = "133--150"
}

@book{ogrady-cla,
  author = "O'Grady, William",
  title  = "{H}ow {C}hildren {L}earn {L}anguage",
  year   = "2005",
  pages  = "150",
  publisher = "{C}ambridge {U}niversity {P}ress"
}

@inproceedings{nouns-before-verbs,
  title     = "{M}ummy! {B}all! {F}ish!: Why {E}nglish-learning {C}hildren {P}roduce {N}ouns {E}arlier {T}han {V}erbs",
  author    = "{K}elly, {B}arbara {F}.",
  booktitle = "{A}nnual {M}eeting of the {A}ustralian {L}inguistic {S}ociety",
  year      = "2007"
}

@article{baby-talk-helps-learning,
  title       = "Infant-directed {S}peech {F}acilitates {W}ord {S}egmentation",
  author      = "Thiessen, Erik D. and Hill, Emily A. and Saffran, Jenny R.",
  journal     = "Infancy",
  volume      = "7",
  number      = "1",
  pages       = "53--71",
  year        = "2005",
  publisher   = "Wiley {O}nline {L}ibrary"
}

@article{effects-neglect-language,
  title   = "The {E}ffects of {C}hild {M}altreatment on {L}anguage {D}evelopment",
  author  = "Allen, R. and Oliver, J.M.",
  journal = "Child Abuse \& Neglect ",
  volume  = "6",
  number  = "3",
  pages   = "299--305",
  year    = "1982",
  issn    = "0145-2134",
  doi     = "http://dx.doi.org/10.1016/0145-2134(82)90033-3",
  url     = "http://www.sciencedirect.com/science/article/pii/0145213482900333"
}

@article{genie,
  title   = "The {D}evelopment of {L}anguage in {G}enie: {A} {C}ase of {L}anguage {A}cquisition {B}eyond the '{C}ritical {P}eriod'",
  author  = "Victoria Fromkin and Stephen Krashen and Susan Curtiss and David Rigler and Marilyn Rigler",
  journal = "Brain and Language",
  volume  = "1",
  number  = "1",
  pages   = "81--107",
  year    = "1974",
  issn    = "0093-934X",
  doi     = "http://dx.doi.org/10.1016/0093-934X(74)90027-3",
  url     = "http://www.sciencedirect.com/science/article/pii/0093934X74900273",
}

@book{isabelle,
  title     = "Understanding {C}hild {L}anguage {A}cquisition",
  author    = "Rowland, C.",
  isbn      = "9781134645404",
  series    = "Understanding Language",
  url       = "https://books.google.co.uk/books?id=BYS3AQAAQBAJ",
  year      = "2013",
  publisher = "Taylor \& Francis",
  section   = "8.3.1"
}

@misc{isabelle-deaf,
  url    = "http://www.ed.kagawa-u.ac.jp/~nagai/papers/kn7/kn7.htm",
  author = "Nagai, K.",
  year   = "Accessed: December 2014"
}

@article{wired-for-sound,
  title   = "Wired for {S}ound: {T}he {E}ssential {C}onnection {B}etween {M}usic and {D}evelopment",
  author  = "Baney, Cynthia Ensign",
  year    = "2002"
}

@article{accent,
  title     = "Age {C}onstraints on {S}econd-language {A}cquisition",
  author    = "Flege, James Emil and Yeni-Komshian, Grace H and Liu, Serena",
  journal   = "Journal of {M}emory and {L}anguage",
  volume    = "41",
  number    = "1",
  pages     = "78--104",
  year      = "1999",
  publisher = "Elsevier"
}
