@misc{wikipedia-lesion,
  author = "{E}nglish {W}ikipedia",
  title  = "{L}ateralisation of {B}rain {F}unction:\ {B}roca, revision 634462157",
  year   = "2014",
  url    = "http://en.wikipedia.org/w/index.php?title=Lateralization_of_brain_function\&oldid=634462157"
}

@misc{oed-agrammatism,
  author = "{O}xford {E}nglish {D}ictionary",
  title  = "{D}efinition:\ {A}grammatism",
  year   = "2014",
  url    = "http://www.oed.com/view/Entry/4129"
}

@misc{articles-omitted-primary,
  author = "{A}merican {S}troke {A}ssociation",
  title  = "{T}ypes of {A}phasia: {B}roca's {A}phasia",
  year   = "2013",
  url    = "http://www.strokeassociation.org/STROKEORG/LifeAfterStroke/RegainingIndependence/CommunicationChallenges/Types-of-Aphasia_UCM_310096_Article.jsp#Brocas"
}

@misc{fork-geeble,
  author = "{A}merican {S}troke {A}ssociation",
  title  = "{T}ypes of {A}phasia: {W}ernicke's {A}phasia",
  year   = "2013",
  url    = "http://www.strokeassociation.org/STROKEORG/LifeAfterStroke/RegainingIndependence/CommunicationChallenges/Types-of-Aphasia_UCM_310096_Article.jsp#Wernickes"
}

@article{singing-recovery,
  title   = "{F}rom {S}inging to {S}peaking: {W}hy {S}inging {M}ay {L}ead to {R}ecovery of {E}xpressive {L}anguage {F}unction in {P}atients with {B}roca's {A}phasia",
  author  = "Schlaug, Gottfried and Marchina, Sarah and Norton, Andrea",
  journal = "Music Perception: An Interdisciplinary Journal",
  volume  = "25",
  number  = "4",
  pages   = "pp. 315-323",
  year    = "2008"
}

@misc{aphasia-treatment,
  author = "{U}nited {S}tates {N}ational {I}nstitute on {D}eafness and {O}ther {C}ommunication {D}isorders",
  title  = "{H}ow is {A}phasia {T}reated?",
  year   = "2008",
  url    = "http://www.nidcd.nih.gov/health/voice/pages/aphasia.aspx#treated"
}

@misc{singing-happy,
  author = "{D}aily {T}elegraph",
  title  = "{S}ing {Y}our {W}ay to {H}appiness",
  year   = "2009",
  url    = "http://www.telegraph.co.uk/health/5296551/Sing-your-way-to-happiness.html"
}

@misc{gradual-recovery,
  author = "{E}dward {V}ajda in the {D}epartment of {M}odern and {C}lassical {L}anguages of the {W}estern {W}ashington {U}niversity",
  title  = "{L}inguistics 201 module",
  year   = "2001",
  url    = "http://pandora.cii.wwu.edu/vajda/ling201/test4materials/language_and_the_brain.htm"
}

@article {non-fluent-singing,
	author    = "Racette, Am{\'e}lie and Bard, C{\'e}line and Peretz, Isabelle",
	title     = "{M}aking {N}on-fluent {A}phasics {S}peak: {S}ing {A}long!",
	volume    = "129",
	number    = "10",
	pages     = "2571--2584",
	year      = "2006",
	doi       = "10.1093/brain/awl250",
	publisher = "Oxford University Press",
	journal   = "Brain"
}

@article {tan-postmortem-imaging,
	author    = "Dronkers, N. F. and Plaisant, O. and Iba-Zizen, M. T. and Cabanis, E. A.",
	title     = "{P}aul {B}roca's {H}istoric {C}ases: {H}igh {R}esolution {MR} {I}maging of the {B}rains of {L}eborgne and {L}elong",
	volume    = "130",
	number    = "5",
	pages     = "1432--1441",
	year      = "2007",
	doi       = "10.1093/brain/awm042",
	publisher = "Oxford University Press",
	journal   = "Brain"
}

@misc{oed-tan,
  author = "Oxford English Dictionary",
  title  = "Definition: {T}an (colour)",
  year   = "1888",
  url    = "http://www.oed.com/view/Entry/197435#eid19245534"
}

@misc{broca-scientific-american,
  author = "Maria Konnikova, `Literally Psyched' blog, Scientific American",
  title  = "The {M}an {W}ho {C}ouldn't {S}peak --- and {H}ow {H}e {R}evolutionized {P}sychology",
  year   = "2013",
  url    = "http://blogs.scientificamerican.com/literally-psyched/2013/02/08/the-man-who-couldnt-speakand-how-he-revolutionized-psychology/"
}

@misc{stroke-fast-nhs,
  author = "National Health Service",
  title  = "Stroke: {FAST} action campaign information page",
  year   = "2014",
  url    = "http://www.nhs.uk/actfast/Pages/stroke.aspx"
}

@misc{stroke-fast-phe,
  author = "Public Health England",
  title  = "Stroke: {FAST} action campaign news story",
  year   = "2014",
  url    = "https://www.gov.uk/government/news/act-fast-campaign"
}

@misc{nhs-choices-brocas-aphasia,
  author = "NHS Choices",
  title  = "{A}phasia: {S}ymptoms; {B}roca's {A}phasia",
  year   = "2012",
  url    = "http://www.nhs.uk/Conditions/Aphasia/Pages/Symptoms.aspx"
}

@article{dax-brocas,
	title   = "{T}he {M}emoir of {M}arc {D}ax on {A}phasia",
	author  = "JOYNT, RJ and BENTON, AL",
	doi     = "10.1212/wnl.14.9.851",
	volume  = "14",
	year    = "1964",
	journal = "Neurology",
	pages   = "851â€”854",
	url     = "http://dx.doi.org/10.1212/WNL.14.9.851",
}

@misc{mit-brocas,
  author = "Harry Whitaker",
  title  = "{B}roca, {P}aul (first paragraph)",
  year   = "accessed 2014",
  url    = "http://ai.ato.ms/MITECS/Entry/whitaker.html"
}

@article{2014-brocas,
  author  = "Fridriksson, J. and Fillmore, P. and Guo, D. and Rorden, C.",
  title   = "Chronic {B}roca's {A}phasia is {C}aused by {D}amage to {B}roca's and {W}ernicke's {A}reas",
  journal = "Cerebral Cortex",
  year    = "2014",
  url     = "http://www.ncbi.nlm.nih.gov/pubmed/25016386"
}
