@book{oed-dialect,
  author = "Oxford English Dictionary",
  title = "Definition: ``Language''",
  year = "2015"
}

@misc{2011-census,
  author = "Office of National Statistics",
  title = "{UK} {C}ensus",
  year = "2011"
}

@misc{asl-internet-slang,
  author = "{M}ike {S}heffield",
  title = "Internet {S}lang {M}eets {A}merican {S}ign {L}anguage",
  year = "2015",
  url = "http://www.hopesandfears.com/hopes/now/internet/168477-internet-american-sign-language"
}

@article{gov-guidance-bsl,
  author = "{O}ffice of {D}isability {I}ssues",
  title = "{A}ccessible {C}ommunication {F}ormats {G}uidance: {B}ritish {S}ign {L}anguage",
  month = "August",
  year = "2014",
  url = "https://www.gov.uk/government/publications/inclusive-communication/accessible-communication-formats#british-sign-language"
}

@book{deaf-writing,
  title = {The Oxford Handbook of Deaf Studies, Language, and Education},
  author = {Marschark, M. and Spencer, P.E. and Nathan, P.E.},
  number = {v. 2},
  pages = 144,
  year = {2010},
  publisher = {Oxford University Press, USA}
}

@article{welsh-language-identity,
  title = "{S}ymbols of {J}ustice’: the {W}elsh {L}anguage {S}ociety's {C}ampaign for {B}ilingual {R}oad {S}igns in {W}ales, 1967–-1980",
  journal = "Journal of Historical Geography",
  volume = "35",
  number = "2",
  pages = "350 - 375",
  year = "2009",
  author = "Peter Merriman and Rhys Jones"
}

@article{campaign-bsl-gcse,
  author = {Harnisch, Henriette and Smith, Craig and Dekesel, Kristiaan},
  title = {Hand in hand –-- progression routes in {B}ritish {S}ign {L}anguage in the {KS5} curriculum},
  journal = {Deafness \& Education International},
  volume = {6},
  number = {3},
  publisher = {John Wiley \& Sons, Ltd.},
  pages = {167--170},
  year = {2004}
}

@article{campaign-bsl-gcse-bbc,
  author = "Signature, via {BBC} {N}ews",
  title = "Signing {S}hould be {C}lassed as {F}oreign {L}anguage for {GCSE}",
  year = "2014",
  url = "http://www.bbc.co.uk/news/education-22756140"
}

@book{linguistics-of-bsl,
  title={The Linguistics of British Sign Language: An Introduction},
  author={Sutton-Spence, R. and Woll, B.},
  isbn={9780521637183},
  year={1999},
  publisher={Cambridge University Press}
}

@book{speechreading,
  title={Hearing by Eye II: Advances in the Psychology of Speechreading and Auditory-visual Speech},
  author={Campbell, R. and Dodd, B. and Burnham, D.K.},
  isbn={9780863775024},
  year={1998},
  publisher={Psychology Press}
}

@book{sociolinguistics-mesthrie,
  title={Introducing Sociolinguistics},
  author={Mesthrie, R. and Swann, J. and Deumert, A. and Leap, L. W.},
  isbn={9780748638444},
  year={2009},
  publisher={Edinburgh University Press} 
}

@misc{ucl-sign-language-introduction,
  title = "{BSL} {FAQ}s -- {I}s {S}ign {L}anguage the {S}ame the {W}orld {O}ver?",
  author = "{D}eafness {C}ognition \& {R}esearch {C}entre, {U}niversity {C}ollege {L}ondon",
  url = "https://www.ucl.ac.uk/dcal/faqs/questions/bsl/question6"
}

@book{asl-facial-signals,
  title={American Sign Language: A Teacher's Resource Text on Grammar and Culture},
  author={Baker-Shenk, C.L. and Cokely, D.},
  isbn={9780930323844},
  series={American Sign Language Series},
  year={1991},
  publisher={Clerc Books}
}

@article{fingerspelling,
author = {Sutton-Spence,Rachel and Woll,Bencie and Allsop,Lorna},
title = {Variation and recent change in fingerspelling in {B}ritish {S}ign {L}anguage},
journal = {Language Variation and Change},
year = {1990},
pages = {313--330},
}
