@book{language-planning-detrimental,
  title={Advances in {L}anguage {P}lanning},
  author={Fishman, J.A.},
  isbn={9783111583600},
  series={Contributions to the Sociology of Language [CSL]},
  year={1974},
  publisher={De Gruyter}
}

@book{sociolinguistics-mesthrie,
  title={Introducing Sociolinguistics},
  author={Mesthrie, R. and Swann, J. and Deumert, A. and Leap, L. W.},
  isbn={9780748638444},
  year={2009},
  publisher={Edinburgh University Press} 
}

@book{oed-lexicon,
  author = "Oxford English Dictionary",
  title = "Definition: ``Lexicon''",
  year = "2015"
}

@book{oed-neologism,
  author = "Oxford English Dictionary",
  title = "Definition: ``Neologism''",
  year = "2015"
}

@book{film-narrative,
  title={Story and Discourse: Narrative Structure in Fiction and Film},
  author={Chatman, S.B.},
  isbn={9780801491863},
  series={Cornell Paperbacks},
  year={1980},
  publisher={Cornell University Press}
}

@book{immersion-education,
  title={Immersion Education: International Perspectives},
  author={Johnson, R.K. and Swain, M.},
  isbn={9780521586559},
  series={Cambridge Applied Linguistics},
  year={1997},
  publisher={Cambridge University Press}
}

@article{soas-language-planning,
  title={Planning {L}anguage, {P}lanning {I}dentity: A case study of {E}cuadorians in {L}ondon},
  author={Grzech, Karolina},
  year={2013}
}

@book{language-kaplan,
  title={Language Planning from Practice to Theory},
  author={Kaplan, R.B. and Baldauf, R.B.},
  isbn={9781853593710},
  series={Language Planning from Practice to Theory},
  year={1997},
  publisher={Multilingual Matters}
}

@book{developing-countries-primary-education,
  title={Improving primary education in developing countries.},
  author={Lockheed, Marlaine E and Verspoor, Adriaan M and others},
  year={1991},
  publisher={Oxford University Press for World Bank}
}

@article{haugen-planning,
  title={Language {P}lanning},
  author={Haugen, Einar},
  journal={Sociolinguistics},
  volume={1},
  pages={626--637},
  year={1987}
}
