@misc{europa-migration-statistics,
  url={http://ec.europa.eu/eurostat/statistics-explained/index.php/Migration_and_migrant_population_statistics},
  year={2015}
}

@misc{oecd,
  url={https://stats.oecd.org/Index.aspx?DataSetCode=MIG},
  year={2000--2013}
}

@misc{ined,
  url={https://www.ined.fr/en/everything_about_population/demographic-facts-sheets/faq/how-many-immigrants-france/},
  year={2007}
}

@misc{govuk,
  url={https://www.gov.uk/guidance/living-in-france},
  year={2015}
}

@book{immigration-1986,
  title={Immigration in {F}rance},
  author={Le Moigne, Guy},
  year={1986},
  publisher={Paris France Presses Universitaires de France}
}

@book{sayad2004suffering,
  title={The suffering of the immigrant},
  author={Sayad, Abdelmalek},
  year={2004},
  publisher={Polity}
}

@book{immigrationeuropeanintegration,
  title={Immigration and {E}uropean integration: beyond fortress {E}urope?},
  author={Geddes, Andrew},
  year={2008},
  publisher={Manchester Univ Pr}
}

