@url{shcom,
  author={SciencesHumaines.com},
  url={http://www.scienceshumaines.com/pourquoi-lit-on-des-romans_fr_25791.html},
  year={2010}
}

@url{psychlire,
  author={Frédéric Fanget},
  url={http://www.psychologies.com/Moi/Se-connaitre/Comportement/Articles-et-Dossiers/Je-n-aime-pas-lire},
  year={2009}
}
