@misc{oecd-2011,
  url    = "http://stats.oecd.org/viewhtml.aspx?datasetcode=RFIN2&lang=en",
  author = "Organisation for Economic Cooperation and Development",
  year   = "2011"
}

@misc{oecd-2013,
  url    = "http://www.telegraph.co.uk/education/leaguetables/10488555/OECD-education-report-subject-results-in-full.html",
  author = "League Tables",
  year   = "2013"
}

@misc{national-values,
  url    = "http://www.france.fr/en/institutions-and-values/slogan-french-republic.html",
  author = "Official Website of France",
  year   = "2014"
}

@book{prost,
  title     = "Republican Identities in War and Peace: Representations of France in the Nineteenth and Twentieth Centuries",
  author    = "Prost, A. and Winter, J. and McPhail, H.",
  isbn      = "9781472578099",
  year      = "2014",
  publisher = "Bloomsbury Publishing"
}

@book{patriotism-schools,
  title     = "The Moral Disarmament of France: Education, Pacifism, and Patriotism, 1914--1940",
  author    = "Siegel, M.L.",
  isbn      = "9780521839006",
  year      = "2004",
  publisher = "Cambridge University Press"
}

@misc{proud-french,
  url    = "http://www.gouvernement.fr/partage/2395-les-10-chiffres-pour-lesquels-nous-pouvons-etre-fiers-de-la-france",
  author = "French Government",
  year   = "2014"
}

@misc{proud-war-french,
  url    = "http://www.bl.uk/world-war-one/articles/patriotism-and-nationalism",
  author = "David Welch",
  year   = "2014"
}

@book{world-civilisation,
  title     = "World Civilization: A Brief History",
  author    = "Winks, R.W.",
  isbn      = "9780939693283",
  year      = "1993",
  publisher = "Rowman \& Littlefield Publishers, Incorporated"
}

@book{republic-seventy,
  title     = "Image, History, and Politics: The Coinage of Modern Europe",
  author    = "Van Wie, P.D.",
  isbn      = "9780761812227",
  year      = "1999",
  publisher = "University Press of America"
}

@misc{higher-education-modern,
  url    = "http://toglobalist.org/2011/05/la-crise-republicaine-egalite-and-the-french-higher-education-system/",
  author = "Nina Cohen",
  year   = "2011"
}

@article{republican-school-pressure,
  title     = "The {F}rench {R}epublican {S}chool {U}nder {P}ressure: {F}alling {B}asic {S}tandards and {R}ising {S}ocial {I}nequalities",
  author    = "Mattei, Paola",
  journal   = "French Politics",
  volume    = "10",
  number    = "1",
  pages     = "84--95",
  year      = "2012",
  publisher = "Nature Publishing Group"
}

@book{colony-schools,
  title     = "French Caribbeans in Africa: Diasporic Connections and Colonial Administration, 1880--1939",
  author    = "H{\'e}l{\'e}non, V.",
  isbn      = "9780230118751",
  year      = "2011",
  publisher = "Palgrave Macmillan"
}

@misc{secularism-french-religion,
  title  = "The {D}eep {R}oots of {F}rench {S}ecularism",
  author = "Henri Astier",
  url    = "http://news.bbc.co.uk/1/hi/world/europe/3325285.stm",
  year   = "2004"
}

@book{republican-experiment,
  title  = "The Republican Experiment",
  author = "Agulhon, Maurice",
  year = "1983",
  publisher = "Cambridge University Press"
}

@misc{grandes-ecoles-telegraph,
  title  = "France's {E}ducational {E}lite",
  author = "Angie Power",
  url    = "http://www.telegraph.co.uk/expat/4190728/Frances-educational-elite.html",
  year   = "2003"
}

@misc{sciences-po-admissions,
  title  = "Admissions 2014 : le bilan",
  author = "Sciences Po",
  url    = "http://www.sciencespo.fr/content/14684/admissions-2014-le-bilan",
  year   = "2014"
}
