@book{cache-book,
  title={Cach\'{e} (Hidden)},
  author={Wheatley, C.},
  isbn={9781844575725},
  series={BFI Film Classics},
  year={2012},
  publisher={Palgrave Macmillan}
}

@book{oed-morality,
  author = "Oxford English Dictionary",
  title = "Definition: ``Morality''",
  year = "2015"
}

@book{film-cognition,
  title={{P}assionate {V}iews: Film, {C}ognition, and {E}motion},
  author={Plantinga, Carl R. and Smith, Greg M.},
  year={1999},
  publisher={Johns Hopkins University Press}
}

@misc{muriel-blog,
  title = "Muriel: The {T}ime of {R}eturn",
  author = "Chappell, C-J.",
  year = "2005",
  url = "http://sensesofcinema.com/2005/european-cinema-revisited/muriel-2/"
}

@article{cache-meanings,
  title={Narrative {M}eanings and {I}mplicit {T}hemes in {H}aneke's film 'Cach√©' (2005)},
  author={Jaspe, Phoebe},
  journal={Enquiry-The ACES Journal of Undergraduate Research},
  volume={4},
  year={2014}
}

@book{on-haneke,
  title={On Michael Haneke},
  author={Price, B. and Rhodes, J.D.},
  isbn={9780814334058},
  series={Contemporary Film and Television Series},
  year={2010},
  publisher={Wayne State University Press}
}
